<?xml version="1.0" encoding="UTF-8"?><collection xmlns="http://www.loc.gov/MARC21/slim"><record><leader>00477nam--2200145-i-4500</leader><controlfield tag="001">000026432</controlfield><controlfield tag="002">20161230</controlfield><controlfield tag="005">20161230201036</controlfield><controlfield tag="008">060222s1000------------r-----000-0-eng-d</controlfield><datafield ind1=" " ind2=" " tag="080"><subfield code="a">621.039.543.6</subfield></datafield><datafield ind1=" " ind2=" " tag="245"><subfield code="a">International symposium on plutonium fuels technologgy</subfield></datafield><datafield ind1=" " ind2=" " tag="260"><subfield code="a">New York, American Institute Of Mining, Metalurgical And Petroleum Engineers, Inc., 1968, 523p</subfield></datafield><datafield ind1=" " ind2=" " tag="490"><subfield code="a">Nuclear Metallurgy</subfield></datafield><datafield ind1=" " ind2=" " tag="700"><subfield code="a">Horton, K.E. Maacherey, R.E. And Allio R.J</subfield></datafield><datafield ind1=" " ind2=" " tag="852"><subfield code="a">14372</subfield></datafield></record></collection>